@misc{brice,
  title={ReLiS: un outil flexible pour réaliser des revues systématiques itératives et collaboratives},
  author={Brice, Bigendako Michel},
  year={2018},
  month={Février},
  url={https://papyrus.bib.umontreal.ca/xmlui/handle/1866/20187}
},
@misc{soilih,
  title={Xtext Grammar},
  author={Soilihi, BEN SOILIHI BOINA},
  year={2020},
  month={Novembre},
  url={}
}